% Encoding: UTF-8
@article{newman2003structure,
	title={The structure and function of complex networks},
	author={Newman, Mark EJ},
	journal={SIAM review},
	volume={45},
	number={2},
	pages={167--256},
	year={2003},
	publisher={SIAM}
}
@article{girvan2002community,
	title={Community structure in social and biological networks},
	author={Girvan, Michelle and Newman, Mark EJ},
	journal={Proceedings of the national academy of sciences},
	volume={99},
	number={12},
	pages={7821--7826},
	year={2002},
	publisher={National Acad Sciences}
}
@article{kaluza2010complex,
	title={The complex network of global cargo ship movements},
	author={Kaluza, Pablo and K{\"o}lzsch, Andrea and Gastner, Michael T and Blasius, Bernd},
	journal={Journal of the Royal Society Interface},
	volume={7},
	number={48},
	pages={1093--1103},
	year={2010},
	publisher={The Royal Society}
}
@article{guruharsha2011protein,
	title={A protein complex network of Drosophila melanogaster},
	author={Guruharsha, KG and Rual, Jean-Fran{\c{c}}ois and Zhai, Bo and Mintseris, Julian and Vaidya, Pujita and Vaidya, Namita and Beekman, Chapman and Wong, Christina and Rhee, David Y and Cenaj, Odise and others},
	journal={Cell},
	volume={147},
	number={3},
	pages={690--703},
	year={2011},
	publisher={Elsevier}
}
@article{pagani2013power,
	title={The power grid as a complex network: a survey},
	author={Pagani, Giuliano Andrea and Aiello, Marco},
	journal={Physica A: Statistical Mechanics and its Applications},
	volume={392},
	number={11},
	pages={2688--2700},
	year={2013},
	publisher={Elsevier}
}
@article{yu2018detecting,
	title={Detecting node propensity changes in the dynamic degree corrected stochastic block model},
	author={Yu, Lisha and Woodall, William H and Tsui, Kwok-Leung},
	journal={Social Networks},
	volume={54},
	pages={209--227},
	year={2018},
	publisher={Elsevier}
}
@inproceedings{chakrabarti2006evolutionary,
	title={Evolutionary clustering},
	author={Chakrabarti, Deepayan and Kumar, Ravi and Tomkins, Andrew},
	booktitle={Proceedings of the 12th ACM SIGKDD international conference on Knowledge discovery and data mining},
	pages={554--560},
	year={2006},
	organization={ACM}
}
@article{yang2011detecting,
	title={Detecting communities and their evolutions in dynamic social networks—a Bayesian approach},
	author={Yang, Tianbao and Chi, Yun and Zhu, Shenghuo and Gong, Yihong and Jin, Rong},
	journal={Machine learning},
	volume={82},
	number={2},
	pages={157--189},
	year={2011},
	publisher={Springer}
}
@article{sengupta2018block,
	title={A block model for node popularity in networks with community structure},
	author={Sengupta, Srijan and Chen, Yuguo},
	journal={Journal of the Royal Statistical Society: Series B (Statistical Methodology)},
	volume={80},
	number={2},
	pages={365--386},
	year={2018},
	publisher={Wiley Online Library}
}
@article{kim2009particle,
	title={A particle-and-density based evolutionary clustering method for dynamic networks},
	author={Kim, Min-Soo and Han, Jiawei},
	journal={Proceedings of the VLDB Endowment},
	volume={2},
	number={1},
	pages={622--633},
	year={2009},
	publisher={VLDB Endowment}
}
@article{wilson2016modeling,
	title={Modeling and detecting change in temporal networks via a dynamic degree corrected stochastic block model},
	author={Wilson, James D and Stevens, Nathaniel T and Woodall, William H},
	journal={arXiv preprint arXiv:1605.04049},
	year={2016}
}
@inproceedings{ahn2007analysis,
	title={Analysis of topological characteristics of huge online social networking services},
	author={Ahn, Yong-Yeol and Han, Seungyeop and Kwak, Haewoon and Moon, Sue and Jeong, Hawoong},
	booktitle={Proceedings of the 16th international conference on World Wide Web},
	pages={835--844},
	year={2007},
	organization={ACM}
}
@article{ilhan2016feature,
	title={Feature identification for predicting community evolution in dynamic social networks},
	author={{\.I}lhan, Nagehan and {\"O}{\u{g}}{\"u}d{\"u}c{\"u}, {\c{S}}ule G{\"u}nd{\"u}z},
	journal={Engineering Applications of Artificial Intelligence},
	volume={55},
	pages={202--218},
	year={2016},
	publisher={Elsevier}
}
@article{rossetti2017tiles,
	title={Tiles: an online algorithm for community discovery in dynamic social networks},
	author={Rossetti, Giulio and Pappalardo, Luca and Pedreschi, Dino and Giannotti, Fosca},
	journal={Machine Learning},
	volume={106},
	number={8},
	pages={1213--1241},
	year={2017},
	publisher={Springer}
}
@article{aharony2011social,
	title={Social fMRI: Investigating and shaping social mechanisms in the real world},
	author={Aharony, Nadav and Pan, Wei and Ip, Cory and Khayal, Inas and Pentland, Alex},
	journal={Pervasive and Mobile Computing},
	volume={7},
	number={6},
	pages={643--659},
	year={2011},
	publisher={Elsevier}
}
@phdthesis{mislove-2009-socialnetworksthesis,
	author = {Alan Mislove},
	title = {Online Social Networks:  Measurement, Analysis, and Applications to Distributed Information Systems},
	school = {Rice University, Department of Computer Science},
	year = {2009},
	month = {May}
}
@inproceedings{nr,
	title={The Network Data Repository with Interactive Graph Analytics and Visualization},
	author={Ryan A. Rossi and Nesreen K. Ahmed},
	booktitle={Proceedings of the Twenty-Ninth AAAI Conference on Artificial Intelligence},
	url={http://networkrepository.com},
	year={2015}
}
@inproceedings{kumar2016edge,
	title={Edge weight prediction in weighted signed networks},
	author={Kumar, Srijan and Spezzano, Francesca and Subrahmanian, VS and Faloutsos, Christos},
	booktitle={Data Mining (ICDM), 2016 IEEE 16th International Conference on},
	pages={221--230},
	year={2016},
	organization={IEEE}
}
@inproceedings{viswanath-2009-activity,
	author = {Bimal Viswanath and Alan Mislove and Meeyoung Cha and Krishna P. Gummadi},
	title = {On the Evolution of User Interaction in Facebook}, 
	booktitle = {Proceedings of the 2nd ACM SIGCOMM Workshop on Social Networks (WOSN'09)},
	location = {Barcelona, Spain},
	month = {August},
	year = {2009}
}
@inproceedings{DBLP:conf/icc/ShenCGSD09,
	author    = {Chao Shen and
	Zhongmin Cai and
	Xiaohong Guan and
	Huilan Sha and
	Jingzi Du},
	title     = {Feature Analysis of Mouse Dynamics in Identity Authentication and
	Monitoring},
	booktitle = {Proceedings of {IEEE} International Conference on Communications,
	{ICC} 2009, Dresden, Germany, 14-18 June 2009},
	pages     = {1--5},
	year      = {2009},
	crossref  = {DBLP:conf/icc/2009},
	url       = {https://doi.org/10.1109/ICC.2009.5199032},
	doi       = {10.1109/ICC.2009.5199032},
	timestamp = {Fri, 15 Jun 2018 01:00:00 +0200},
	biburl    = {https://dblp.org/rec/bib/conf/icc/ShenCGSD09},
	bibsource = {dblp computer science bibliography, https://dblp.org}
}
@inproceedings{dumont2009fast,
	title={Fast multi-class image annotation with random subwindows and multiple output randomized trees},
	author={Dumont, Marie and Mar{\'e}e, Rapha{\"e}l and Wehenkel, Louis and Geurts, Pierre},
	booktitle={Proc. International Conference on Computer Vision Theory and Applications (VISAPP)},
	volume={2},
	pages={196--203},
	year={2009}
}
@inproceedings{jin2015modeling,
	title={Modeling with node degree preservation can accurately find communities},
	author={Jin, Di and Chen, Zheng and He, Dongxiao and Zhang, Weixiong},
	booktitle={Twenty-Ninth AAAI Conference on Artificial Intelligence},
	year={2015}
}
@inproceedings{gopalan2013modeling,
	title={Modeling overlapping communities with node popularities},
	author={Gopalan, Prem K and Wang, Chong and Blei, David},
	booktitle={Advances in neural information processing systems},
	pages={2850--2858},
	year={2013}
}
@article{karrer2011stochastic,
	title={Stochastic blockmodels and community structure in networks},
	author={Karrer, Brian and Newman, Mark EJ},
	journal={Physical review E},
	volume={83},
	number={1},
	pages={016107},
	year={2011},
	publisher={APS}
}
@article{airoldi2008mixed,
	title={Mixed membership stochastic blockmodels},
	author={Airoldi, Edoardo M and Blei, David M and Fienberg, Stephen E and Xing, Eric P},
	journal={Journal of machine learning research},
	volume={9},
	number={Sep},
	pages={1981--2014},
	year={2008}
}
@inproceedings{qiao2017improving,
	title={Improving Stochastic Block Models by Incorporating Power-Law Degree Characteristic.},
	author={Qiao, Maoying and Yu, Jun and Bian, Wei and Li, Qiang and Tao, Dacheng},
	booktitle={IJCAI},
	pages={2620--2626},
	year={2017}
}
@article{holland1976local,
	title={Local structure in social networks},
	author={Holland, Paul W and Leinhardt, Samuel},
	journal={Sociological methodology},
	volume={7},
	pages={1--45},
	year={1976},
	publisher={JSTOR}
}
@article{hopcroft2004tracking,
	title={Tracking evolving communities in large linked networks},
	author={Hopcroft, John and Khan, Omar and Kulis, Brian and Selman, Bart},
	journal={Proceedings of the National Academy of Sciences},
	volume={101},
	number={suppl 1},
	pages={5249--5253},
	year={2004},
	publisher={National Acad Sciences}
}
@article{palla2007quantifying,
	title={Quantifying social group evolution},
	author={Palla, Gergely and Barab{\'a}si, Albert-L{\'a}szl{\'o} and Vicsek, Tam{\'a}s},
	journal={Nature},
	volume={446},
	number={7136},
	pages={664},
	year={2007},
	publisher={Nature Publishing Group}
}
@inproceedings{sun2015matrix,
	title={Matrix Based Community Evolution Events Detection in Online Social Networks},
	author={Sun, Yang and Tang, Junhua and Pan, Li and Li, Jianhua},
	booktitle={2015 IEEE International Conference on Smart City/SocialCom/SustainCom (SmartCity)},
	pages={465--470},
	year={2015},
	organization={IEEE}
}
@inproceedings{he2017joint,
	title={Joint identification of network communities and semantics via integrative modeling of network topologies and node contents},
	author={He, Dongxiao and Feng, Zhiyong and Jin, Di and Wang, Xiaobao and Zhang, Weixiong},
	booktitle={Thirty-First AAAI Conference on Artificial Intelligence},
	year={2017}
}
@article{fan2014dynamic,
	title={Dynamic infinite mixed-membership stochastic blockmodel},
	author={Fan, Xuhui and Cao, Longbing and Da Xu, Richard Yi},
	journal={IEEE transactions on neural networks and learning systems},
	volume={26},
	number={9},
	pages={2072--2085},
	year={2014},
	publisher={IEEE}
}
@article{tang2014detecting,
	title={Detecting social media hidden communities using dynamic stochastic blockmodel with temporal dirichlet process},
	author={Tang, Xuning and Yang, Christopher C},
	journal={ACM Transactions on Intelligent Systems and Technology (TIST)},
	volume={5},
	number={2},
	pages={36},
	year={2014},
	publisher={ACM}
}
@article{Dakiche2018,
	abstract = {This paper presents a survey of previous studies done on the problem of tracking community evolution over time in dynamic social networks. This problem is of crucial importance in the field of social network analysis. The goal of our paper is to classify existing methods dealing with the issue. We propose a classification of various methods for tracking community evolution in dynamic social networks into four main approaches using as a criterion the functioning principle: the first one is based on independent successive static detection and matching; the second is based on dependent successive static detection; the third is based on simultaneous study of all stages of community evolution; finally, the fourth and last one concerns methods working directly on temporal networks. Our paper starts by giving basic concepts about social networks, community structure and strategies for evaluating community detection methods. Then, it describes the different approaches, and exposes the strengths as well as the weaknesses of each.},
	author = {Dakiche, Narimene and {Benbouzid-Si Tayeb}, Fatima and Slimani, Yahya and Benatchba, Karima},
	doi = {10.1016/j.ipm.2018.03.005},
	file = {:C$\backslash$:/Users/user/AppData/Local/Mendeley Ltd./Mendeley Desktop/Downloaded/Dakiche et al. - 2018 - Tracking community evolution in social networks A survey(2).pdf:pdf},
	issn = {03064573},
	journal = {Information Processing and Management},
	keywords = {Community evolution,Dynamic community detection,Dynamic network,Social network},
	mendeley-groups = {complex-network/dynamic networks/community evolution},
	number = {3},
	pages = {1084--1102},
	publisher = {Elsevier},
	title = {{Tracking community evolution in social networks: A survey}},
	url = {https://doi.org/10.1016/j.ipm.2018.03.005},
	volume = {56},
	year = {2018}
}
@inproceedings{tajeuna2015tracking,
	title={Tracking the evolution of community structures in time-evolving social networks},
	author={Tajeuna, Etienne Gael and Bouguessa, Mohamed and Wang, Shengrui},
	booktitle={2015 IEEE International Conference on Data Science and Advanced Analytics (DSAA)},
	pages={1--10},
	year={2015},
	organization={IEEE}
}
@inproceedings{zhu2016reconstructed,
	title={A reconstructed event-based framework for analyzing community evolution},
	author={Zhu, Jinxiu and Liu, Jun and Zhang, Xuewu and Zhao, Yafang},
	booktitle={2016 IEEE International Conference on Big Data Analysis (ICBDA)},
	pages={1--4},
	year={2016},
	organization={IEEE}
}
@article{asur2009event,
	title={An event-based framework for characterizing the evolutionary behavior of interaction graphs},
	author={Asur, Sitaram and Parthasarathy, Srinivasan and Ucar, Duygu},
	journal={ACM Transactions on Knowledge Discovery from Data (TKDD)},
	volume={3},
	number={4},
	pages={16},
	year={2009},
	publisher={ACM}
}
@article{brodka2013ged,
	title={GED: the method for group evolution discovery in social networks},
	author={Br{\'o}dka, Piotr and Saganowski, Stanis{\l}aw and Kazienko, Przemys{\l}aw},
	journal={Social Network Analysis and Mining},
	volume={3},
	number={1},
	pages={1--14},
	year={2013},
	publisher={Springer}
}
@inproceedings{greene2010tracking,
	title={Tracking the evolution of communities in dynamic social networks},
	author={Greene, Derek and Doyle, Donal and Cunningham, Padraig},
	booktitle={2010 international conference on advances in social networks analysis and mining},
	pages={176--183},
	year={2010},
	organization={IEEE}
}
@article{Yang2018,
	abstract = {We present a probabilistic model for learning from dynamic relational data, wherein the observed interactions among networked nodes are modeled via the Bernoulli Poisson link function, and the underlying network structure are characterized by nonnegative latent node-group memberships, which are assumed to be gamma distributed. The latent memberships evolve according to Markov processes. The optimal number of latent groups can be determined by data itself. The computational complexity of our method scales with the number of non-zero links, which makes it scalable to large sparse dynamic relational data. We present batch and online Gibbs sampling algorithms to perform model inference. Finally, we demonstrate the model's performance on both synthetic and real-world datasets compared to state-of-the-art methods.},
	archivePrefix = {arXiv},
	arxivId = {1805.11054},
	author = {Yang, Sikun and Koeppl, Heinz},
	eprint = {1805.11054},
	file = {:C$\backslash$:/Users/ltp/AppData/Local/Mendeley Ltd./Mendeley Desktop/Downloaded/Yang, Koeppl - 2018 - A Poisson Gamma Probabilistic Model for Latent Node-group Memberships in Dynamic Networks(2).pdf:pdf},
	keywords = {Natural Language Processing and Machine Learning T},
	mendeley-groups = {complex-network/dynamic networks/PGM},
	pages = {4366--4373},
	title = {{A Poisson Gamma Probabilistic Model for Latent Node-group Memberships in Dynamic Networks}},
	url = {http://arxiv.org/abs/1805.11054},
	year = {2018}
}
@article{Yang2017,
	abstract = {Combinational network embedding, which learns the node representation by exploring both topo-logical and non-topological information, becomes popular due to the fact that the two types of information are complementing each other. Most of the existing methods either consider the topologi-cal and non-topological information being aligned or possess predetermined preferences during the embedding process. Unfortunately, previous methods fail to either explicitly describe the correlations between topological and non-topological information or adaptively weight their impacts. To address the existing issues, three new assumptions are proposed to better describe the embedding space and its properties. With the proposed assumptions, nodes, communities and topics are mapped into one embedding space. A novel generative model is proposed to formulate the generation process of the network and content from the embeddings, with respect to the Bayesian framework. The proposed model automatically leans to the information which is more discriminative. The embedding result can be obtained by maximizing the posterior distribution by adopting the variational inference and repa-rameterization trick. Experimental results indicate that the proposed method gives superior performances compared to the state-of-the-art methods when a variety of real-world networks is analyzed.},
	author = {Yang, Liang and Guo, Yuanfang and Jin, Di and Fu, Huazhu and Cao, Xiaochun},
	file = {:C$\backslash$:/Users/ltp/AppData/Local/Mendeley Ltd./Mendeley Desktop/Downloaded/Yang et al. - 2017 - 3-in-1 Correlated Embedding via Adaptive Exploration of the Structure and Semantic Subspaces.pdf:pdf},
	keywords = {Machine Learning Applications: Networks,Multidisciplinary Topics and Applications: AI and},
	mendeley-groups = {complex-network/dynamic networks/PGM},
	pages = {3613--3619},
	title = {{3-in-1 Correlated Embedding via Adaptive Exploration of the Structure and Semantic Subspaces}},
	year = {2017}
}
@article{Ribeiro2017,
	abstract = {Structural identity is a concept of symmetry in which network nodes are identified according to the network structure and their relationship to other nodes. Structural identity has been studied in theory and practice over the past decades, but only recently has it been addressed with representational learning techniques. This work presents struc2vec, a novel and flexible framework for learning latent representations for the structural identity of nodes. struc2vec uses a hierarchy to measure node similarity at different scales, and constructs a multilayer graph to encode structural similarities and generate structural context for nodes. Numerical experiments indicate that state-of-the-art techniques for learning node representations fail in capturing stronger notions of structural identity, while struc2vec exhibits much superior performance in this task, as it overcomes limitations of prior approaches. As a consequence, numerical experiments indicate that struc2vec improves performance on classification tasks that depend more on structural identity.},
	archivePrefix = {arXiv},
	arxivId = {1704.03165},
	author = {Ribeiro, Leonardo F. R. and Saverese, Pedro H. P. and Figueiredo, Daniel R.},
	doi = {10.1145/3097983.3098061},
	eprint = {1704.03165},
	file = {:C$\backslash$:/Users/ltp/AppData/Local/Mendeley Ltd./Mendeley Desktop/Downloaded/Ribeiro, Saverese, Figueiredo - 2017 - struc2vec Learning Node Representations from Structural Identity.pdf:pdf},
	isbn = {9781450335423},
	issn = {16130073},
	mendeley-groups = {complex-network/读书报告/dynamic network embedding},
	title = {{struc2vec: Learning Node Representations from Structural Identity}},
	year = {2017}
}
@inproceedings{zhou2018dynamic,
	title={Dynamic network embedding by modeling triadic closure process},
	author={Zhou, Lekui and Yang, Yang and Ren, Xiang and Wu, Fei and Zhuang, Yueting},
	booktitle={Thirty-Second AAAI Conference on Artificial Intelligence},
	year={2018}
}
@article{liu2010detecting,
	title={Detecting community structure in complex networks using simulated annealing with k-means algorithms},
	author={Liu, Jian and Liu, Tingzhan},
	journal={Physica A: Statistical Mechanics and its Applications},
	volume={389},
	number={11},
	pages={2300--2309},
	year={2010},
	publisher={Elsevier}
}
@article{fortunato2016community,
	title={Community detection in networks: A user guide},
	author={Fortunato, Santo and Hric, Darko},
	journal={Physics reports},
	volume={659},
	pages={1--44},
	year={2016},
	publisher={Elsevier}
}
@article{von2007tutorial,
	title={A tutorial on spectral clustering},
	author={Von Luxburg, Ulrike},
	journal={Statistics and computing},
	volume={17},
	number={4},
	pages={395--416},
	year={2007},
	publisher={Springer}
}
@inproceedings{yin2019local,
	title={The local closure coefficient: a new perspective on network clustering},
	author={Yin, Hao and Benson, Austin R and Leskovec, Jure},
	booktitle={Proceedings of the Twelfth ACM International Conference on Web Search and Data Mining},
	pages={303--311},
	year={2019},
	organization={ACM}
}
@article{dvzamic2019ascent,
	title={Ascent--descent variable neighborhood decomposition search for community detection by modularity maximization},
	author={D{\v{z}}ami{\'c}, Du{\v{s}}an and Aloise, Daniel and Mladenovi{\'c}, Nenad},
	journal={Annals of Operations Research},
	volume={272},
	number={1-2},
	pages={273--287},
	year={2019},
	publisher={Springer}
}
@article{krzakala2013spectral,
	title={Spectral redemption in clustering sparse networks},
	author={Krzakala, Florent and Moore, Cristopher and Mossel, Elchanan and Neeman, Joe and Sly, Allan and Zdeborov{\'a}, Lenka and Zhang, Pan},
	journal={Proceedings of the National Academy of Sciences},
	volume={110},
	number={52},
	pages={20935--20940},
	year={2013},
	publisher={National Acad Sciences}
}
@inproceedings{tajeuna2016tracking,
	title={Tracking communities over time in dynamic social network},
	author={Tajeuna, Etienne Gael and Bouguessa, Mohamed and Wang, Shengrui},
	booktitle={International Conference on Machine Learning and Data Mining in Pattern Recognition},
	pages={341--345},
	year={2016},
	organization={Springer}
}
@article{menze2009comparison,
	title={A comparison of random forest and its Gini importance with standard chemometric methods for the feature selection and classification of spectral data},
	author={Menze, Bjoern H and Kelm, B Michael and Masuch, Ralf and Himmelreich, Uwe and Bachert, Peter and Petrich, Wolfgang and Hamprecht, Fred A},
	journal={BMC bioinformatics},
	volume={10},
	number={1},
	pages={213},
	year={2009},
	publisher={BioMed Central}
}

@book{ben2004complex,
	title={Complex networks},
	author={Ben-Naim, Eli and Frauenfelder, Hans and Toroczkai, Zoltan},
	volume={650},
	year={2004},
	publisher={Springer Science \& Business Media}
}
@article{watts1998collective,
	title={Collective dynamics of ‘small-world’networks},
	author={Watts, Duncan J and Strogatz, Steven H},
	journal={nature},
	volume={393},
	number={6684},
	pages={440},
	year={1998},
	publisher={Nature Publishing Group}
}
@article{barabasi1999emergence,
	title={Emergence of scaling in random networks},
	author={Barab{\'a}si, Albert-L{\'a}szl{\'o} and Albert, R{\'e}ka},
	journal={science},
	volume={286},
	number={5439},
	pages={509--512},
	year={1999},
	publisher={American Association for the Advancement of Science}
}
@article{rossetti2018community,
	title={Community discovery in dynamic networks: a survey},
	author={Rossetti, Giulio and Cazabet, R{\'e}my},
	journal={ACM Computing Surveys (CSUR)},
	volume={51},
	number={2},
	pages={35},
	year={2018},
	publisher={ACM}
}
@article{waltman2013smart,
	title={A smart local moving algorithm for large-scale modularity-based community detection},
	author={Waltman, Ludo and Van Eck, Nees Jan},
	journal={The European Physical Journal B},
	volume={86},
	number={11},
	pages={471},
	year={2013},
	publisher={Springer}
}
@article{krzakala2013spectral,
	title={Spectral redemption in clustering sparse networks},
	author={Krzakala, Florent and Moore, Cristopher and Mossel, Elchanan and Neeman, Joe and Sly, Allan and Zdeborov{\'a}, Lenka and Zhang, Pan},
	journal={Proceedings of the National Academy of Sciences},
	volume={110},
	number={52},
	pages={20935--20940},
	year={2013},
	publisher={National Acad Sciences}
}
@article{holland1976local,
	title={Local structure in social networks},
	author={Holland, Paul W and Leinhardt, Samuel},
	journal={Sociological methodology},
	volume={7},
	pages={1--45},
	year={1976},
	publisher={JSTOR}
}
@inproceedings{airoldi2006mixed,
	title={Mixed membership stochastic block models for relational data with application to protein-protein interactions},
	author={Airoldi, Edoardo M and Blei, David M and Fienberg, Stephen E and Xing, Eric P and Jaakkola, Tommi},
	booktitle={Proceedings of the international biometrics society annual meeting},
	volume={15},
	year={2006}
}
@article{hoff2002latent,
	title={Latent space approaches to social network analysis},
	author={Hoff, Peter D and Raftery, Adrian E and Handcock, Mark S},
	journal={Journal of the american Statistical association},
	volume={97},
	number={460},
	pages={1090--1098},
	year={2002},
	publisher={Taylor \& Francis}
}
@inproceedings{pal2019scalable,
	title={Scalable MCMC in degree corrected stochastic block model},
	author={Pal, Soumyasundar and Coates, Mark},
	booktitle={ICASSP 2019-2019 IEEE International Conference on Acoustics, Speech and Signal Processing (ICASSP)},
	pages={5461--5465},
	year={2019},
	organization={IEEE}
}
@article{kemp2004discovering,
	title={Discovering latent classes in relational data},
	author={Kemp, Charles and Griffiths, Thomas L and Tenenbaum, Joshua B},
	year={2004}
}
@article{hofman2008bayesian,
	title={Bayesian approach to network modularity},
	author={Hofman, Jake M and Wiggins, Chris H},
	journal={Physical review letters},
	volume={100},
	number={25},
	pages={258701},
	year={2008},
	publisher={APS}
}
@article{qiao2018adapting,
	title={Adapting Stochastic Block Models to Power-Law Degree Distributions},
	author={Qiao, Maoying and Yu, Jun and Bian, Wei and Li, Qiang and Tao, Dacheng},
	journal={IEEE transactions on cybernetics},
	volume={49},
	number={2},
	pages={626--637},
	year={2018},
	publisher={IEEE}
}
@article{chen2018convexified,
	title={Convexified modularity maximization for degree-corrected stochastic block models},
	author={Chen, Yudong and Li, Xiaodong and Xu, Jiaming and others},
	journal={The Annals of Statistics},
	volume={46},
	number={4},
	pages={1573--1602},
	year={2018},
	publisher={Institute of Mathematical Statistics}
}
@article{rossetti2018community,
	title={Community discovery in dynamic networks: a survey},
	author={Rossetti, Giulio and Cazabet, R{\'e}my},
	journal={ACM Computing Surveys (CSUR)},
	volume={51},
	number={2},
	pages={35},
	year={2018},
	publisher={ACM}
}
@article{dakiche2019tracking,
	title={Tracking community evolution in social networks: A survey},
	author={Dakiche, Narimene and Tayeb, Fatima Benbouzid-Si and Slimani, Yahya and Benatchba, Karima},
	journal={Information Processing \& Management},
	volume={56},
	number={3},
	pages={1084--1102},
	year={2019},
	publisher={Elsevier}
}
@inproceedings{tajeuna2015tracking,
	title={Tracking the evolution of community structures in time-evolving social networks},
	author={Tajeuna, Etienne Gael and Bouguessa, Mohamed and Wang, Shengrui},
	booktitle={2015 IEEE International Conference on Data Science and Advanced Analytics (DSAA)},
	pages={1--10},
	year={2015},
	organization={IEEE}
}
@article{jiang2019efficient,
	title={An efficient evolutionary user interest community discovery model in dynamic social networks for internet of people},
	author={Jiang, Liang and Shi, Leilei and Liu, Lu and Yao, Jingjing and Yuan, Bo and Zheng, Yongjun},
	journal={IEEE Internet of Things Journal},
	year={2019},
	publisher={IEEE}
}
@article{yang2011detecting,
	title={Detecting communities and their evolutions in dynamic social networks—a Bayesian approach},
	author={Yang, Tianbao and Chi, Yun and Zhu, Shenghuo and Gong, Yihong and Jin, Rong},
	journal={Machine learning},
	volume={82},
	number={2},
	pages={157--189},
	year={2011},
	publisher={Springer}
}
@inproceedings{tang2011dynamic,
	title={Dynamic community detection with temporal dirichlet process},
	author={Tang, Xuning and Yang, Christopher C},
	booktitle={2011 IEEE Third International Conference on Privacy, Security, Risk and Trust and 2011 IEEE Third International Conference on Social Computing},
	pages={603--608},
	year={2011},
	organization={IEEE}
}
@inproceedings{wu2019dynamic,
	title={Dynamic Stochastic Block Model with Scale-Free Characteristic for Temporal Complex Networks},
	author={Wu, Xunxun and Jiao, Pengfei and Wang, Yaping and Li, Tianpeng and Wang, Wenjun and Wang, Bo},
	booktitle={International Conference on Database Systems for Advanced Applications},
	pages={502--518},
	year={2019},
	organization={Springer}
}
@article{kao2018hybrid,
	title={Hybrid mixed-membership blockmodel for inference on realistic network interactions},
	author={Kao, Edward K and Smith, Steven T and Airoldi, Edoardo M},
	journal={IEEE Transactions on Network Science and Engineering},
	year={2018},
	publisher={IEEE}
}
@article{yang2018structural,
	title={Structural correlation between communities and core-periphery structures in social networks: Evidence from Twitter data},
	author={Yang, Jinfeng and Zhang, Min and Shen, Kathy Ning and Ju, Xiaofeng and Guo, Xitong},
	journal={Expert Systems with Applications},
	volume={111},
	pages={91--99},
	year={2018},
	publisher={Elsevier}
}
@article{palla2007quantifying,
	title={Quantifying social group evolution},
	author={Palla, Gergely and Barab{\'a}si, Albert-L{\'a}szl{\'o} and Vicsek, Tam{\'a}s},
	journal={Nature},
	volume={446},
	number={7136},
	pages={664},
	year={2007},
	publisher={Nature Publishing Group}
}
@article{ilhan2016feature,
	title={Feature identification for predicting community evolution in dynamic social networks},
	author={{\.I}lhan, Nagehan and {\"O}{\u{g}}{\"u}d{\"u}c{\"u}, {\c{S}}ule G{\"u}nd{\"u}z},
	journal={Engineering Applications of Artificial Intelligence},
	volume={55},
	pages={202--218},
	year={2016},
	publisher={Elsevier}
}
@article{rossetti2017tiles,
	title={Tiles: an online algorithm for community discovery in dynamic social networks},
	author={Rossetti, Giulio and Pappalardo, Luca and Pedreschi, Dino and Giannotti, Fosca},
	journal={Machine Learning},
	volume={106},
	number={8},
	pages={1213--1241},
	year={2017},
	publisher={Springer}
}
@article{menze2009comparison,
	title={A comparison of random forest and its Gini importance with standard chemometric methods for the feature selection and classification of spectral data},
	author={Menze, Bjoern H and Kelm, B Michael and Masuch, Ralf and Himmelreich, Uwe and Bachert, Peter and Petrich, Wolfgang and Hamprecht, Fred A},
	journal={BMC bioinformatics},
	volume={10},
	number={1},
	pages={213},
	year={2009},
	publisher={BioMed Central}
}
@article{folino2014evolutionary,
	title={An evolutionary multiobjective approach for community discovery in dynamic networks},
	author={Folino, Francesco and Pizzuti, Clara},
	journal={IEEE Transactions on Knowledge and Data Engineering},
	volume={26},
	number={8},
	pages={1838--1852},
	year={2014},
	publisher={IEEE}
}
@article{jutla2011generalized,
	title={A generalized Louvain method for community detection implemented in MATLAB},
	author={Jutla, Inderjit S and Jeub, Lucas GS and Mucha, Peter J},
	journal={URL http://netwiki. amath. unc. edu/GenLouvain},
	year={2011}
}
@article{liu2018global,
	title={Global spectral clustering in dynamic networks},
	author={Liu, Fuchen and Choi, David and Xie, Lu and Roeder, Kathryn},
	journal={Proceedings of the National Academy of Sciences},
	volume={115},
	number={5},
	pages={927--932},
	year={2018},
	publisher={National Acad Sciences}
}
@book{gong2007machine,
	title={Machine learning for multimedia content analysis},
	author={Gong, Yihong and Xu, Wei},
	volume={30},
	year={2007},
	publisher={Springer Science \& Business Media}
}
@inproceedings{lin2008facetnet,
	title={Facetnet: a framework for analyzing communities and their evolutions in dynamic networks},
	author={Lin, Yu-Ru and Chi, Yun and Zhu, Shenghuo and Sundaram, Hari and Tseng, Belle L},
	booktitle={Proceedings of the 17th international conference on World Wide Web},
	pages={685--694},
	year={2008},
	organization={ACM}
}
@inproceedings{greene2010tracking,
	title={Tracking the evolution of communities in dynamic social networks},
	author={Greene, Derek and Doyle, Donal and Cunningham, Padraig},
	booktitle={2010 international conference on advances in social networks analysis and mining},
	pages={176--183},
	year={2010},
	organization={IEEE}
}
@misc{gorkedynamic,
	title={Dynamic network of email communication at the Department of Informatics at Karlsruhe Institute of Technology (KIT)(2011)},
	author={G{\"o}rke, R and Holzer, M and Hopp, O and Theuerkorn, J and Scheibenberger, K}
}
@MISC{konect:2017:dblp-cite,
	title = {DBLP network dataset -- {KONECT}},
	month = apr,
	year = {2017},
	url = {http://konect.uni-koblenz.de/networks/dblp-cite}
}
@inproceedings{jaiyeoba2019graphtinker,
	title={GraphTinker: A High Performance Data Structure for Dynamic Graph Processing},
	author={Jaiyeoba, Wole and Skadron, Kevin},
	booktitle={2019 IEEE International Parallel and Distributed Processing Symposium (IPDPS)},
	pages={1030--1041},
	year={2019},
	organization={IEEE}
}
@inproceedings{sun2007graphscope,
	title={Graphscope: parameter-free mining of large time-evolving graphs},
	author={Sun, Jimeng and Faloutsos, Christos and Faloutsos, Christos and Papadimitriou, Spiros and Yu, Philip S},
	booktitle={Proceedings of the 13th ACM SIGKDD international conference on Knowledge discovery and data mining},
	pages={687--696},
	year={2007},
	organization={ACM}
}
@article{cordeiro2016dynamic,
	title={Dynamic community detection in evolving networks using locality modularity optimization},
	author={Cordeiro, M{\'a}rio and Sarmento, Rui Portocarrero and Gama, Jo{\~a}o},
	journal={Social Network Analysis and Mining},
	volume={6},
	number={1},
	pages={15},
	year={2016},
	publisher={Springer}
}
@article{lyf2015,
	title={一种新的社区/动态社区优化方法},
	author={李亚芳 and 贾彩燕 and 于剑 and 刘光明},
	journal={数据采集与处理},
	volume={30},
	number={6},
	pages={1215--1224},
	year={2015}
}
@article{huang2019community,
	title={Community discovering in temporal network with spectral fusion},
	author={Huang, Qiangjuan and Zhao, Chengli and Zhang, Xue and Yi, Dongyun},
	journal={Chaos},
	volume={29},
	number={4},
	pages={043122},
	year={2019}}

@article{sewell2017latent,
	title={Latent space approaches to community detection in dynamic networks},
	author={Sewell, Daniel K and Chen, Yuguo},
	journal={Bayesian Analysis},
	volume={12},
	number={2},
	pages={351--377},
	year={2017}}
@article{yang2015a,
	title={A Unified Semi-Supervised Community Detection Framework Using Latent Space Graph Regularization},
	author={Yang, Liang and Cao, Xiaochun and Jin, Di and Wang, Xiao and Meng, Dan},
	journal={IEEE Transactions on Systems, Man, and Cybernetics},
	volume={45},
	number={11},
	pages={2585--2598},
	year={2015}}
@article{pensky2017spectral,
	title={Spectral clustering in the dynamic stochastic block model},
	author={Pensky, Marianna and Zhang, Teng},
	journal={arXiv: Methodology},
	year={2017}}
@article{wu2019dynamic,
	title={Dynamic Stochastic Block Model with Scale-Free Characteristic for Temporal Complex Networks.},
	author={Wu, Xunxun and Jiao, Pengfei and Wang, Yaping and Li, Tianpeng and Wang, Wenjun and Wang, Bo},
	pages={502--518},
	year={2019}}
@article{mucha2010community,
	title={Community Structure in Time-Dependent, Multiscale, and Multiplex Networks},
	author={Mucha, Peter J and Richardson, Thomas and Macon, Kevin T and Porter, Mason A and Onnela, Jukkapekka},
	journal={Science},
	volume={328},
	number={5980},
	pages={876--878},
	year={2010}}
@article{chakrabarti2006evolutionary,
	title={Evolutionary clustering},
	author={Chakrabarti, Deepayan and Kumar, Ravi and Tomkins, Andrew},
	pages={554--560},
	year={2006}}
@article{tang2014detecting,
	title={Detecting Social Media Hidden Communities Using Dynamic Stochastic Blockmodel with Temporal Dirichlet Process},
	author={Tang, Xuning and Yang, Christopher C},
	journal={ACM Transactions on Intelligent Systems and Technology},
	volume={5},
	number={2},
	pages={36},
	year={2014}}
@article{yu2018detecting,
	title={Detecting node propensity changes in the dynamic degree corrected stochastic block model},
	author={Yu, Lisha and Woodall, William H and Tsui, Kwokleung},
	journal={Social Networks},
	volume={54},
	pages={209--227},
	year={2018}}
@article{xu2013dynamic,
	title={Dynamic stochastic blockmodels: statistical models for time-evolving networks},
	author={Xu, Kevin S and Hero, Alfred O},
	journal={international conference on social computing},
	pages={201--210},
	year={2013}}
@article{dakiche2019tracking,
	title={Tracking community evolution in social networks: A survey},
	author={Dakiche, Narimene and Tayeb, Fatima Benbouzidsi and Slimani, Yahya and Benatchba, Karima},
	journal={Information Processing and Management},
	volume={56},
	number={3},
	pages={1084--1102},
	year={2019}}
@article{asur2009an,
	title={An event-based framework for characterizing the evolutionary behavior of interaction graphs},
	author={Asur, Sitaram and Parthasarathy, Srinivasan and Ucar, Duygu},
	journal={ACM Transactions on Knowledge Discovery From Data},
	volume={3},
	number={4},
	pages={16},
	year={2009}}
@article{palla2007quantifying,
	title={Quantifying social group evolution},
	author={Palla, Gergely and Barabasi, Albertlaszlo and Vicsek, Tamas},
	journal={Nature},
	volume={446},
	number={7136},
	pages={664--667},
	year={2007}}
@article{brodka2013ged:,
	title={GED: the method for group evolution discovery in social networks},
	author={Brodka, Piotr and Saganowski, Stanislaw and Kazienko, Przemyslaw},
	journal={Social Network Analysis and Mining},
	volume={3},
	number={1},
	pages={1--14},
	year={2013}}
@article{greene2010tracking,
	title={Tracking the Evolution of Communities in Dynamic Social Networks},
	author={Greene, Derek and Doyle, Donal and Cunningham, Padraig},
	pages={176--183},
	year={2010}}
@article{gao2016evolutionary,
	title={Evolutionary community discovery in dynamic networks based on leader nodes},
	author={Gao, Wenhao and Luo, Wenjian and Bu, Chenyang},
	pages={53--60},
	year={2016}}
@article{tantipathananandh2011finding,
	title={Finding Communities in Dynamic Social Networks},
	author={Tantipathananandh, Chayant and Bergerwolf, Tanya Y},
	pages={1236--1241},
	year={2011}}
@article{tajeuna2015tracking,
	title={Tracking the evolution of community structures in time-evolving social networks},
	author={Tajeuna, Etienne Gael and Bouguessa, Mohamed and Wang, Shengrui},
	pages={1--10},
	year={2015}}
@article{greene2010tracking,
	title={Tracking the Evolution of Communities in Dynamic Social Networks},
	author={Greene, Derek and Doyle, Donal and Cunningham, Padraig},
	pages={176--183},
	year={2010}}
@article{wu2007group,
	title={群体性事件预警指标体系研究},
	author={吴竹},
	journal={政法学刊},
	volume={24},
	number={3},
	pages={63-67},
	year={2007},
}
@phdthesis{WangLianqiang2016message,
	title={信息安全风险评估方法及关键技术研究},
	author={王连强},
	year={2006},
}
@article{gongjian2017network,
	title={网络安全态势感知综述},
	author={龚俭 and 臧小东 and 苏琪 and 胡晓艳 and 徐杰},
	journal={软件学报},
	volume={28},
	number={4},
	pages={1010-1026},
	year={2017},
}
@article{chenchangkun2012taifeng,
	title={基于复杂网络的台风灾害演化系统风险分析与控制研究},
	author={陈长坤 and 纪道溪 and ChenChangkun and JiDaoxi},
	journal={灾害学},
	volume={27},
	number={1},
	pages={1-4},
	year={2012},
}
@article{2014electric,
	title={基于电力系统复杂网络特征的线路脆弱性风险分析},
	journal={电力自动化设备},
	volume={34},
	number={2},
	pages={101-107},
	year={2014},
}
@phdthesis{zhangshude2014,
	title={基于复杂网络理论的城市道路网络脆弱性研究},
	author={张树德},
	school={哈尔滨工业大学},
	year={2014},
}
@article{gou2016topological,
	title={Topological Vulnerability Evaluation Model Based on Fractal Dimension of Complex Networks},
	author={Gou, Li and Wei, Bo and Sadiq, Rehan and Sadiq, Yong and Deng, Yong},
	journal={PLOS ONE},
	volume={11},
	number={1},
	year={2016}}

@article{moriano2019community-based,
	title={Community-Based Event Detection in Temporal Networks},
	author={Moriano, Pablo and Finke, Jorge and Ahn, Yongyeol},
	journal={Scientific Reports},
	volume={9},
	number={1},
	pages={4358},
	year={2019}}
